@article{luscombe2001bioinformatics,
  title={What is bioinformatics? A proposed definition and overview of the field},
  author={Luscombe, Nicholas M and Greenbaum, Dov and Gerstein, Mark},
  journal={Methods of information in medicine},
  volume={40},
  number={04},
  pages={346--358},
  year={2001},
  publisher={Schattauer GmbH}
}

@book{xiong2006essential,
  title={Essential bioinformatics},
  author={Xiong, Jin},
  year={2006},
  publisher={Cambridge University Press}
}

@book{archibald2018genomics,
  title={Genomics: A Very Short Introduction},
  author={Archibald, John M},
  volume={559},
  year={2018},
  publisher={Oxford University Press}
}

@report{dna2020located,
  title={How genetic disorders are inherited},
  author={Mayo Clinics},
  year={2020},
  howpublished = {\url{https://www.mayoclinic.org/tests-procedures/genetic-testing/multimedia/genetic-disorders/sls-20076216?s=2}},
  note = {Accessed: 2020-03-20}
}

@report{dnastructure2020,
  title={DNA structure},
  author={NAU},
  year={2020},
  howpublished = {\url{http://www2.nau.edu/lrm22/lessons/dna_notes/dna_notes.html}},
  note = {Accessed: 2020-03-20}
}

@report{dnacromosome2020,
  title={Chromosome-DNA-gene},
  author={Wikicommons},
  year={2020},
  howpublished = {\url{https://commons.wikimedia.org/wiki/File:Chromosome-DNA-gene.png}},
  note = {Accessed: 2020-03-20}
}
