



@online{NCIdictionary2022,
	author = {NCI},
	title = {National Cancer Institute Dictionary},
	year = {2022},
	url = {https://www.cancer.gov/publications/dictionaries/genetics-dictionary},
	urldate = {2022-03-20}
}

@report{worldometrcovid2022,
	title={Covid statistics},
	author={Worldometer},
	year={2022},
	howpublished = {\url{https://www.worldometers.info/coronavirus/}},
	note = {Accessed: 2022-05-29}
}

@report{worldometrcancer2022,
	title={Cancer statistics},
	author={Worldometer},
	year={2022},
	howpublished = {\url{https://www.worldometers.info/cancer/}},
	note = {Accessed: 2022-05-29}
}

@book{xiong2006essential,
  title={Essential bioinformatics},
  author={Xiong, Jin},
  year={2006},
  publisher={Cambridge University Press}
}


@report{dna2020located,
  title={How genetic disorders are inherited},
  author={Mayo Clinics},
  year={2020},
  howpublished = {\url{https://www.mayoclinic.org/tests-procedures/genetic-testing/multimedia/genetic-disorders/sls-20076216?s=2}},
  note = {Accessed: 2020-03-20}
}

@online{inmunoterapy2022,
	author = {Cancer.net},
	title = {Qué es la inmunoterapia},
	year = 2022,
	url = {https://www.cancer.net/es/desplazarse-por-atencion-del-cáncer/como-se-trata-el-cáncer/inmunoterapia/qué-es-la-inmunoterapia},
	urldate = {2022-02-18}
}

@online{antigen2022,
	author = {Medline.plus},
	title = {Antígeno},
	year = 2022,
	url = {https://medlineplus.gov/spanish/ency/article/002224.htm},
	urldate = {2022-02-18}
}

@report{dnastructure2020,
  title={DNA structure},
  author={NAU},
  year={2020},
  howpublished = {\url{http://www2.nau.edu/lrm22/lessons/dna_notes/dna_notes.html}},
  note = {Accessed: 2020-03-20}
}
@article{peng2019neoantigen,
	title={Neoantigen vaccine: an emerging tumor immunotherapy},
	author={Peng, Miao and Mo, Yongzhen and Wang, Yian and Wu, Pan and Zhang, Yijie and Xiong, Fang and Guo, Can and Wu, Xu and Li, Yong and Li, Xiaoling and others},
	journal={Molecular cancer},
	volume={18},
	number={1},
	pages={1--14},
	year={2019},
	publisher={BioMed Central}
}
@online{neoantigen2022,
	author = {Instituto Nacional del Cancer},
	title = {Neo antígeno},
	year = 2022,
	url = {https://www.cancer.gov/espanol/publicaciones/diccionarios/diccionario-cancer/def/neoantigeno},
	urldate = {2022-02-18}
}
@report{dnacromosome2020,
  title={Chromosome-DNA-gene},
  author={Wikicommons},
  year={2020},
  howpublished = {\url{https://commons.wikimedia.org/wiki/File:Chromosome-DNA-gene.png}},
  note = {Accessed: 2020-03-20}
}



@report{nci2020,
  title={NCI Dictionary of Cancer Terms},
  author={NCI},
  year={2020},
  howpublished = {\url{https://www.cancer.gov/publications/dictionaries/cancer-terms/def/transcription}},
  note = {Accessed: 2020-03-20}
}



@article{elfiky2020anti,
  title={Anti-HCV, nucleotide inhibitors, repurposing against COVID-19},
  author={Elfiky, Abdo A},
  journal={Life sciences},
  pages={117477},
  year={2020},
  publisher={Elsevier}
}



@article{gibbs1970diagram,
  title={The diagram, a method for comparing sequences: Its use with amino acid and nucleotide sequences},
  author={Gibbs, Adrian J and McIntyre, George A},
  journal={European journal of biochemistry},
  volume={16},
  number={1},
  pages={1--11},
  year={1970},
  publisher={Wiley Online Library}
}

@article{maizel1981enhanced,
  title={Enhanced graphic matrix analysis of nucleic acid and protein sequences},
  author={Maizel, Jacob V and Lenk, Robert P},
  journal={Proceedings of the National Academy of Sciences},
  volume={78},
  number={12},
  pages={7665--7669},
  year={1981},
  publisher={National Acad Sciences}
}

@article{zimmerman1997inherited,
	title={Inherited resistance to HIV-1 conferred by an inactivating mutation in CC chemokine receptor 5: studies in populations with contrasting clinical phenotypes, defined racial background, and quantified risk},
	author={Zimmerman, Peter A and Buckler-White, Alicia and Alkhatib, Ghalib and Spalding, Todd and Kubofcik, Joseph and Combadiere, Christophe and Weissman, Drew and Cohen, Oren and Rubbert, Andrea and Lam, Gordon and others},
	journal={Molecular medicine},
	volume={3},
	number={1},
	pages={23--36},
	year={1997},
	publisher={BioMed Central}
}

@report{comav2020,
	title={Alineamiento de secuencias},
	author={COMAV},
	year={2020},
	howpublished = {\url{https://bioinf.comav.upv.es/courses/intro_bioinf/alineamientos.html}},
	note = {Accessed: 2020-03-20}
}


@report{yourgenome2020,
	title={DNA replication - 3D},
	author={yourgenome},
	year={2020},
	howpublished = {\url{https://www.youtube.com/watch?v=TNKWgcFPHqw}},
	note = {Accessed: 2020-03-20}
}


@report{MITx2020,
	title={The Structure of DNA},
	author={MITx Bio},
	year={2020},
	howpublished = {\url{https://www.youtube.com/watch?v=o_-6JXLYS-k}},
	note = {Accessed: 2020-03-20}
}


@article{sanger1977dna,
	title={DNA sequencing with chain-terminating inhibitors},
	author={Sanger, Frederick and Nicklen, Steven and Coulson, Alan R},
	journal={Proceedings of the national academy of sciences},
	volume={74},
	number={12},
	pages={5463--5467},
	year={1977},
	publisher={National Acad Sciences}
}



@article{shereen2020covid,
	title={COVID-19 infection: Origin, transmission, and characteristics of human coronaviruses},
	author={Shereen, Muhammad Adnan and Khan, Suliman and Kazmi, Abeer and Bashir, Nadia and Siddique, Rabeea},
	journal={Journal of Advanced Research},
	year={2020},
	publisher={Elsevier}
}


@article{Goodsell2020,
	doi = {10.2210/rcsb_pdb/goodsell-gallery-019},
	url = {https://doi.org/10.2210/rcsb_pdb/goodsell-gallery-019},
	year = {2020},
	month = feb,
	publisher = {Worldwide Protein Data Bank},
	author = {D.S. Goodsell},
	title = {Coronavirus},
	journal = {{RCSB} Protein Data Bank}
}

@article{spiga2003molecular,
	title={Molecular modelling of S1 and S2 subunits of SARS coronavirus spike glycoprotein},
	author={Spiga, Ottavia and Bernini, Andrea and Ciutti, Arianna and Chiellini, Stefano and Menciassi, Nicola and Finetti, Francesca and Causarono, Vincenza and Anselmi, Francesca and Prischi, Filippo and Niccolai, Neri},
	journal={Biochemical and biophysical research communications},
	volume={310},
	number={1},
	pages={78--83},
	year={2003},
	publisher={Elsevier}
}

@article{kuhlman2019advances,
	title={Advances in protein structure prediction and design},
	author={Kuhlman, Brian and Bradley, Philip},
	journal={Nature Reviews Molecular Cell Biology},
	volume={20},
	number={11},
	pages={681--697},
	year={2019},
	publisher={Nature Publishing Group}
}

@article{jin2020structure,
	title={Structure of M pro from SARS-CoV-2 and discovery of its inhibitors},
	author={Jin, Zhenming and Du, Xiaoyu and Xu, Yechun and Deng, Yongqiang and Liu, Meiqin and Zhao, Yao and Zhang, Bing and Li, Xiaofeng and Zhang, Leike and Peng, Chao and others},
	journal={Nature},
	pages={1--5},
	year={2020},
	publisher={Nature Publishing Group}
}

@inproceedings{condori2022argosmol,
	title={ArgosMol: A Web Tool for Protein Structure Prediction and Visualization},
	author={Condori, E Sejje and Lupa, J Soncco and Cornejo, S Barrios and Arceda, V Machaca},
	booktitle={Future of Information and Communication Conference},
	pages={604--616},
	year={2022},
	organization={Springer}
}

@report{alphafold2020,
	title={AlphaFold: Using AI for scientific discovery},
	author={Andrew Senior and John Jumper and Demis Hassabis and Pushmeet Kohli},
	year={2020}
}




@article{zhang2020crystal,
	title={Crystal structure of SARS-CoV-2 main protease provides a basis for design of improved $\alpha$-ketoamide inhibitors},
	author={Zhang, Linlin and Lin, Daizong and Sun, Xinyuanyuan and Curth, Ute and Drosten, Christian and Sauerhering, Lucie and Becker, Stephan and Rox, Katharina and Hilgenfeld, Rolf},
	journal={Science},
	volume={368},
	number={6489},
	pages={409--412},
	year={2020},
	publisher={American Association for the Advancement of Science}
}

@article{dias2008molecular,
	title={Molecular docking algorithms},
	author={Dias, Raquel and de Azevedo, Jr and Walter, F},
	journal={Current drug targets},
	volume={9},
	number={12},
	pages={1040--1047},
	year={2008},
	publisher={Bentham Science Publishers}
}



@article{smith1981identification,
	title={Identification of common molecular subsequences},
	author={Smith, Temple F and Waterman, Michael S and others},
	journal={Journal of molecular biology},
	volume={147},
	number={1},
	pages={195--197},
	year={1981},
	publisher={Elsevier Science}
}
@article{needleman1970general,
	title={A general method applicable to the search for similarities in the amino acid sequence of two proteins},
	author={Needleman, Saul B and Wunsch, Christian D},
	journal={Journal of molecular biology},
	volume={48},
	number={3},
	pages={443--453},
	year={1970},
	publisher={Academic Press}
}

@article{altschul1990basic,
	title={Basic local alignment search tool},
	author={Altschul, Stephen F and Gish, Warren and Miller, Webb and Myers, Eugene W and Lipman, David J},
	journal={Journal of molecular biology},
	volume={215},
	number={3},
	pages={403--410},
	year={1990},
	publisher={Elsevier}
}


@article{chen2018use,
	title={Use of image texture analysis to find DNA sequence similarities},
	author={Chen, Weiyang and Liao, Bo and Li, Weiwei},
	journal={Journal of theoretical biology},
	volume={455},
	pages={1--6},
	year={2018},
	publisher={Elsevier}
}
@inproceedings{alba2007new,
	title={A new local search algorithm for the DNA fragment assembly problem},
	author={Alba, Enrique and Luque, Gabriel},
	booktitle={European Conference on Evolutionary Computation in Combinatorial Optimization},
	pages={1--12},
	year={2007},
	organization={Springer}
}
@article{lebatteux2019toward,
	title={Toward an alignment-free method for feature extraction and accurate classification of viral sequences},
	author={Lebatteux, Dylan and Remita, Amine M and Diallo, Abdoulaye Banir{\'e}},
	journal={Journal of Computational Biology},
	volume={26},
	number={6},
	pages={519--535},
	year={2019},
	publisher={Mary Ann Liebert, Inc., publishers 140 Huguenot Street, 3rd Floor New~…}
}

@article{luscombe2001bioinformatics,
	title={What is bioinformatics? A proposed definition and overview of the field},
	author={Luscombe, Nicholas M and Greenbaum, Dov and Gerstein, Mark},
	journal={Methods of information in medicine},
	volume={40},
	number={04},
	pages={346--358},
	year={2001},
	publisher={Schattauer GmbH}
}

@book{xiong2006essential,
	title={Essential bioinformatics},
	author={Xiong, Jin},
	year={2006},
	publisher={Cambridge University Press}
}



@report{dna2020located,
	title={How genetic disorders are inherited},
	author={Mayo Clinics},
	year={2020},
	howpublished = {\url{https://www.mayoclinic.org/tests-procedures/genetic-testing/multimedia/genetic-disorders/sls-20076216?s=2}},
	note = {Accessed: 2020-03-20}
}

@report{dnastructure2020,
	title={DNA structure},
	author={NAU},
	year={2020},
	howpublished = {\url{http://www2.nau.edu/lrm22/lessons/dna_notes/dna_notes.html}},
	note = {Accessed: 2020-03-20}
}

@report{dnacromosome2020,
	title={Chromosome-DNA-gene},
	author={Wikicommons},
	year={2020},
	howpublished = {\url{https://commons.wikimedia.org/wiki/File:Chromosome-DNA-gene.png}},
	note = {Accessed: 2020-03-20}
}

@article{randhawa2020machine,
	title={Machine learning using intrinsic genomic signatures for rapid classification of novel pathogens: COVID-19 case study},
	author={Randhawa, Gurjit S and Soltysiak, Maximillian PM and El Roz, Hadi and de Souza, Camila PE and Hill, Kathleen A and Kari, Lila},
	journal={bioRxiv},
	year={2020},
	publisher={Cold Spring Harbor Laboratory}
}

@report{nci2020,
	title={NCI Dictionary of Cancer Terms},
	author={NCI},
	year={2020},
	howpublished = {\url{https://www.cancer.gov/publications/dictionaries/cancer-terms/def/transcription}},
	note = {Accessed: 2020-03-20}
}



@article{elfiky2020anti,
	title={Anti-HCV, nucleotide inhibitors, repurposing against COVID-19},
	author={Elfiky, Abdo A},
	journal={Life sciences},
	pages={117477},
	year={2020},
	publisher={Elsevier}
}

@article{tang2020origin,
	title={On the origin and continuing evolution of SARS-CoV-2},
	author={Tang, Xiaolu and Wu, Changcheng and Li, Xiang and Song, Yuhe and Yao, Xinmin and Wu, Xinkai and Duan, Yuange and Zhang, Hong and Wang, Yirong and Qian, Zhaohui and others},
	journal={National Science Review},
	year={2020}
}

@article{gibbs1970diagram,
	title={The diagram, a method for comparing sequences: Its use with amino acid and nucleotide sequences},
	author={Gibbs, Adrian J and McIntyre, George A},
	journal={European journal of biochemistry},
	volume={16},
	number={1},
	pages={1--11},
	year={1970},
	publisher={Wiley Online Library}
}

@article{maizel1981enhanced,
	title={Enhanced graphic matrix analysis of nucleic acid and protein sequences},
	author={Maizel, Jacob V and Lenk, Robert P},
	journal={Proceedings of the National Academy of Sciences},
	volume={78},
	number={12},
	pages={7665--7669},
	year={1981},
	publisher={National Acad Sciences}
}

@article{zimmerman1997inherited,
	title={Inherited resistance to HIV-1 conferred by an inactivating mutation in CC chemokine receptor 5: studies in populations with contrasting clinical phenotypes, defined racial background, and quantified risk},
	author={Zimmerman, Peter A and Buckler-White, Alicia and Alkhatib, Ghalib and Spalding, Todd and Kubofcik, Joseph and Combadiere, Christophe and Weissman, Drew and Cohen, Oren and Rubbert, Andrea and Lam, Gordon and others},
	journal={Molecular medicine},
	volume={3},
	number={1},
	pages={23--36},
	year={1997},
	publisher={BioMed Central}
}

@report{comav2020,
	title={Alineamiento de secuencias},
	author={COMAV},
	year={2020},
	howpublished = {\url{https://bioinf.comav.upv.es/courses/intro_bioinf/alineamientos.html}},
	note = {Accessed: 2020-03-20}
}


@report{yourgenome2020,
	title={DNA replication - 3D},
	author={yourgenome},
	year={2020},
	howpublished = {\url{https://www.youtube.com/watch?v=TNKWgcFPHqw}},
	note = {Accessed: 2020-03-20}
}


@report{MITx2020,
	title={The Structure of DNA},
	author={MITx Bio},
	year={2020},
	howpublished = {\url{https://www.youtube.com/watch?v=o_-6JXLYS-k}},
	note = {Accessed: 2020-03-20}
}


@article{sanger1977dna,
	title={DNA sequencing with chain-terminating inhibitors},
	author={Sanger, Frederick and Nicklen, Steven and Coulson, Alan R},
	journal={Proceedings of the national academy of sciences},
	volume={74},
	number={12},
	pages={5463--5467},
	year={1977},
	publisher={National Acad Sciences}
}



@article{shereen2020covid,
	title={COVID-19 infection: Origin, transmission, and characteristics of human coronaviruses},
	author={Shereen, Muhammad Adnan and Khan, Suliman and Kazmi, Abeer and Bashir, Nadia and Siddique, Rabeea},
	journal={Journal of Advanced Research},
	year={2020},
	publisher={Elsevier}
}


@article{Goodsell2020,
	doi = {10.2210/rcsb_pdb/goodsell-gallery-019},
	url = {https://doi.org/10.2210/rcsb_pdb/goodsell-gallery-019},
	year = {2020},
	month = feb,
	publisher = {Worldwide Protein Data Bank},
	author = {D.S. Goodsell},
	title = {Coronavirus},
	journal = {{RCSB} Protein Data Bank}
}

@article{spiga2003molecular,
	title={Molecular modelling of S1 and S2 subunits of SARS coronavirus spike glycoprotein},
	author={Spiga, Ottavia and Bernini, Andrea and Ciutti, Arianna and Chiellini, Stefano and Menciassi, Nicola and Finetti, Francesca and Causarono, Vincenza and Anselmi, Francesca and Prischi, Filippo and Niccolai, Neri},
	journal={Biochemical and biophysical research communications},
	volume={310},
	number={1},
	pages={78--83},
	year={2003},
	publisher={Elsevier}
}

@article{kuhlman2019advances,
	title={Advances in protein structure prediction and design},
	author={Kuhlman, Brian and Bradley, Philip},
	journal={Nature Reviews Molecular Cell Biology},
	volume={20},
	number={11},
	pages={681--697},
	year={2019},
	publisher={Nature Publishing Group}
}




@report{chanin2020,
	title={Computational Drug Discovery: Machine Learning for Making Sense of Big Data in Drug Discovery },
	author={Chanin Nantasenamat},
	year={2020}
}

@report{usafooddrug2020,
	title={The Drug Development Process},
	author={U.S. Food and Drug},
	year={2020}
}





@article{Zhavoronkov2020,
	doi = {10.26434/chemrxiv.11829102.v2},
	url = {https://doi.org/10.26434/chemrxiv.11829102.v2},
	year = {2020},
	month = feb,
	publisher = {American Chemical Society ({ACS})},
	author = {Alex Zhavoronkov and Vladimir Aladinskiy and Alexander Zhebrak and Bogdan Zagribelnyy and Victor Terentiev and Dmitry S. Bezrukov and Daniil Polykovskiy and Rim Shayakhmetov and Andrey Filimonov and Philipp Orekhov and Yilin Yan and Olga Popova and Quentin Vanhaelen and Alex Aliper and Yan Ivanenkov},
	title = {Potential {COVID}-2019 3C-like Protease Inhibitors Designed Using Generative Deep Learning Approaches}
}

@article{smith1981identification,
	title={Identification of common molecular subsequences},
	author={Smith, Temple F and Waterman, Michael S and others},
	journal={Journal of molecular biology},
	volume={147},
	number={1},
	pages={195--197},
	year={1981},
	publisher={Elsevier Science}
}
@article{needleman1970general,
	title={A general method applicable to the search for similarities in the amino acid sequence of two proteins},
	author={Needleman, Saul B and Wunsch, Christian D},
	journal={Journal of molecular biology},
	volume={48},
	number={3},
	pages={443--453},
	year={1970},
	publisher={Academic Press}
}

@article{altschul1990basic,
	title={Basic local alignment search tool},
	author={Altschul, Stephen F and Gish, Warren and Miller, Webb and Myers, Eugene W and Lipman, David J},
	journal={Journal of molecular biology},
	volume={215},
	number={3},
	pages={403--410},
	year={1990},
	publisher={Elsevier}
}

@article{delibacs2020dna,
	title={DNA sequence similarity analysis using image texture analysis based on first-order statistics},
	author={Deliba{\c{s}}, Emre and Arslan, Ahmet},
	journal={Journal of Molecular Graphics and Modelling},
	pages={107603},
	year={2020},
	publisher={Elsevier}
}


@inproceedings{alba2007new,
	title={A new local search algorithm for the DNA fragment assembly problem},
	author={Alba, Enrique and Luque, Gabriel},
	booktitle={European Conference on Evolutionary Computation in Combinatorial Optimization},
	pages={1--12},
	year={2007},
	organization={Springer}
}
@article{lebatteux2019toward,
	title={Toward an alignment-free method for feature extraction and accurate classification of viral sequences},
	author={Lebatteux, Dylan and Remita, Amine M and Diallo, Abdoulaye Banir{\'e}},
	journal={Journal of Computational Biology},
	volume={26},
	number={6},
	pages={519--535},
	year={2019},
	publisher={Mary Ann Liebert, Inc., publishers 140 Huguenot Street, 3rd Floor New~…}
}
@article{kouchaki2019signal,
	title={A signal processing method for alignment-free metagenomic binning: Multi-resolution genomic binary patterns},
	author={Kouchaki, Samaneh and Tapinos, Avraam and Robertson, David L},
	journal={Scientific reports},
	volume={9},
	number={1},
	pages={1--10},
	year={2019},
	publisher={Nature Publishing Group}
}
@report{hivwiki2020,
	title={Subtypes of HIV},
	author={Wikipedia},
	year={2020},
	howpublished = {\url{https://en.wikipedia.org/wiki/Subtypes_of_HIV}},
	note = {Accessed: 2020-09-07}
}

@article{karlin1994comparisons,
	title={Comparisons of eukaryotic genomic sequences},
	author={Karlin, Samuel and Ladunga, Istvan},
	journal={Proceedings of the National Academy of Sciences},
	volume={91},
	number={26},
	pages={12832--12836},
	year={1994},
	publisher={National Acad Sciences}
}
@article{campbell1999genome,
	title={Genome signature comparisons among prokaryote, plasmid, and mitochondrial DNA},
	author={Campbell, Allan and Mrazek, Jan and Karlin, Samuel},
	journal={Proceedings of the National Academy of Sciences},
	volume={96},
	number={16},
	pages={9184--9189},
	year={1999},
	publisher={National Acad Sciences}
}

@article{shedlock2007phylogenomics,
	title={Phylogenomics of nonavian reptiles and the structure of the ancestral amniote genome},
	author={Shedlock, Andrew M and Botka, Christopher W and Zhao, Shaying and Shetty, Jyoti and Zhang, Tingting and Liu, Jun S and Deschavanne, Patrick J and Edwards, Scott V},
	journal={Proceedings of the National Academy of Sciences},
	volume={104},
	number={8},
	pages={2767--2772},
	year={2007},
	publisher={National Acad Sciences}
}

@article{wu2001statistical,
	title={Statistical measures of DNA sequence dissimilarity under Markov chain models of base composition},
	author={Wu, Tiee-Jian and Hsieh, Ya-Ching and Li, Lung-An},
	journal={Biometrics},
	volume={57},
	number={2},
	pages={441--448},
	year={2001},
	publisher={Wiley Online Library}
}



@article{sims2011whole,
	title={Whole-genome phylogeny of Escherichia coli/Shigella group by feature frequency profiles (FFPs)},
	author={Sims, Gregory E and Kim, Sung-Hou},
	journal={Proceedings of the National Academy of Sciences},
	volume={108},
	number={20},
	pages={8329--8334},
	year={2011},
	publisher={National Acad Sciences}
}



@article{wu2005optimal,
	title={Optimal word sizes for dissimilarity measures and estimation of the degree of dissimilarity between DNA sequences},
	author={Wu, Tiee-Jian and Huang, Ying-Hsueh and Li, Lung-An},
	journal={Bioinformatics},
	volume={21},
	number={22},
	pages={4125--4132},
	year={2005},
	publisher={Oxford University Press}
}
@article{dai2008markov,
	title={Markov model plus k-word distributions: a synergy that produces novel statistical measures for sequence comparison},
	author={Dai, Qi and Yang, Yanchun and Wang, Tianming},
	journal={Bioinformatics},
	volume={24},
	number={20},
	pages={2296--2302},
	year={2008},
	publisher={Oxford University Press}
}
@article{haubold2014alignment,
	title={Alignment-free phylogenetics and population genetics},
	author={Haubold, Bernhard},
	journal={Briefings in bioinformatics},
	volume={15},
	number={3},
	pages={407--418},
	year={2014},
	publisher={Oxford University Press}
}
@article{sims2009alignment,
	title={Alignment-free genome comparison with feature frequency profiles (FFP) and optimal resolutions},
	author={Sims, Gregory E and Jun, Se-Ran and Wu, Guohong A and Kim, Sung-Hou},
	journal={Proceedings of the National Academy of Sciences},
	volume={106},
	number={8},
	pages={2677--2682},
	year={2009},
	publisher={National Acad Sciences}
}

@article{karamichalis2015investigation,
	title={An investigation into inter-and intragenomic variations of graphic genomic signatures},
	author={Karamichalis, Rallis and Kari, Lila and Konstantinidis, Stavros and Kopecki, Steffen},
	journal={BMC bioinformatics},
	volume={16},
	number={1},
	pages={246},
	year={2015},
	publisher={Springer}
}
@article{vinga2003alignment,
	title={Alignment-free sequence comparison—a review},
	author={Vinga, Susana and Almeida, Jonas},
	journal={Bioinformatics},
	volume={19},
	number={4},
	pages={513--523},
	year={2003},
	publisher={Oxford University Press}
}

@article{solis2018open,
	title={An open-source k-mer based machine learning tool for fast and accurate subtyping of HIV-1 genomes},
	author={Solis-Reyes, Stephen and Avino, Mariano and Poon, Art and Kari, Lila},
	journal={PloS one},
	volume={13},
	number={11},
	year={2018},
	publisher={Public Library of Science}
}

@inproceedings{arceda2020analysis,
	title={An Analysis of k-Mer Frequency Features with Machine Learning Models for Viral Subtyping of Polyomavirus and HIV-1 Genomes},
	author={Arceda, VE Machaca},
	booktitle={Proceedings of the Future Technologies Conference},
	pages={279--290},
	year={2020},
	organization={Springer}
}

@article{machaca2020analysis,
	title={An analysis of k-mer frequency features with SVM and CNN for viral subtyping classification},
	author={Machaca Arceda, Vicente Enrique},
	journal={Journal of Computer Science \& Technology},
	volume={20},
	year={2020}
}


@article{layer2014lumpy,
	title={LUMPY: a probabilistic framework for structural variant discovery},
	author={Layer, Ryan M and Chiang, Colby and Quinlan, Aaron R and Hall, Ira M},
	journal={Genome biology},
	volume={15},
	number={6},
	pages={1--19},
	year={2014},
	publisher={BioMed Central}
}

@article{van2021structural,
	title={Structural variant detection in cancer genomes: computational challenges and perspectives for precision oncology},
	author={van Belzen, Ianthe AEM and Sch{\"o}nhuth, Alexander and Kemmeren, Patrick and Hehir-Kwa, Jayne Y},
	journal={NPJ Precision Oncology},
	volume={5},
	number={1},
	pages={1--11},
	year={2021},
	publisher={Nature Publishing Group}
}
@article{ruffalo2011comparative,
	title={Comparative analysis of algorithms for next-generation sequencing read alignment},
	author={Ruffalo, Matthew and LaFramboise, Thomas and Koyut{\"u}rk, Mehmet},
	journal={Bioinformatics},
	volume={27},
	number={20},
	pages={2790--2796},
	year={2011},
	publisher={Oxford University Press}
}
@article{liu2015structural,
	title={Structural variation discovery in the cancer genome using next generation sequencing: computational solutions and perspectives},
	author={Liu, Biao and Conroy, Jeffrey M and Morrison, Carl D and Odunsi, Adekunle O and Qin, Maochun and Wei, Lei and Trump, Donald L and Johnson, Candace S and Liu, Song and Wang, Jianmin},
	journal={Oncotarget},
	volume={6},
	number={8},
	pages={5477},
	year={2015},
	publisher={Impact Journals, LLC}
}
@article{de2019newest,
	title={Newest methods for detecting structural variations},
	author={De Coster, Wouter and Van Broeckhoven, Christine},
	journal={Trends in biotechnology},
	volume={37},
	number={9},
	pages={973--982},
	year={2019},
	publisher={Elsevier}
}
@article{rang2018squiggle,
	title={From squiggle to basepair: computational approaches for improving nanopore sequencing read accuracy},
	author={Rang, Franka J and Kloosterman, Wigard P and de Ridder, Jeroen},
	journal={Genome biology},
	volume={19},
	number={1},
	pages={1--11},
	year={2018},
	publisher={Springer}
}
@article{travers2010flexible,
	title={A flexible and efficient template format for circular consensus sequencing and SNP detection},
	author={Travers, Kevin J and Chin, Chen-Shan and Rank, David R and Eid, John S and Turner, Stephen W},
	journal={Nucleic acids research},
	volume={38},
	number={15},
	pages={e159--e159},
	year={2010},
	publisher={Oxford University Press}
}
@report{genbio2020,
	title={Gen. BIO},
	author={Gen. BIO},
	year={2020},
	howpublished = {\url{https://sites.google.com/site/bio1040genbio2/home}},
	note = {Accessed: 2020-03-20}
}


@book{archibald2018genomics,
	title={Genomics: A Very Short Introduction},
	author={Archibald, John M},
	volume={559},
	year={2018},
	publisher={Oxford University Press}
}

@book{xiong2006essential,
	title={Essential bioinformatics},
	author={Xiong, Jin},
	year={2006},
	publisher={Cambridge University Press}
}

@book{berman2013principles,
	title={Principles of big data: preparing, sharing, and analyzing complex information},
	author={Berman, Jules J},
	year={2013},
	publisher={Newnes}
}

@article{stam1985evidence,
	title={Evidence of a new chimeric bcr/c-abl mRNA in patients with chronic myelocytic leukemia and the Philadelphia chromosome},
	author={Stam, Kees and Heisterkamp, Nora and Grosveld, Gerard and de Klein, Annelies and Verma, Ram S and Coleman, Morton and Dosik, Harvey and Groffen, John},
	journal={New England Journal of Medicine},
	volume={313},
	number={23},
	pages={1429--1433},
	year={1985},
	publisher={Mass Medical Soc}
}

@misc{dna_definition,
	title={DNA},
	author={Britannica definitions},
	year={2021},
	note = {Accessed: 2021-05-07},
	howpublished = {\url{https://www.britannica.com/science/DNA}},
	url={https://www.britannica.com/science/DNA}
}


@misc{sv_ncbi_2021,
	title={Overview of Structural Variation},
	author={NCBI},
	year={2021},
	note = {Accessed: 2021-05-07},
	howpublished = {\url{https://www.ncbi.nlm.nih.gov/dbvar/content/overview/}},
	url={https://www.ncbi.nlm.nih.gov/dbvar/content/overview/}
}


@misc{sv_pacbio_2021,
	title={Two Review Articles Assess Structural Variation in Human Genomes},
	author={PacBio},
	year={2021},
	note = {Accessed: 2021-05-07},
	howpublished = {\url{https://www.pacb.com/blog/two-review-articles-assess-structural-variation-in-human-genomes/}},
	url={https://www.pacb.com/blog/two-review-articles-assess-structural-variation-in-human-genomes/}
}

@misc{cnv_nih_2021,
	title={Copy Number Variation (CNV)},
	author={National Human Genome},
	year={2021},
	note = {Accessed: 2021-05-07},
	howpublished = {\url{https://www.genome.gov/genetics-glossary/Copy-Number-Variation}},
	url={https://www.genome.gov/genetics-glossary/Copy-Number-Variation}
}

@misc{genefusion_nih_2021,
	title={Gene fusion definition},
	author={National Cancer Institute},
	year={2021},
	note = {Accessed: 2021-05-07},
	howpublished = {\url{https://www.cancer.gov/publications/dictionaries/cancer-terms/def/fusion-gene}}
}

@misc{alig_2021,
	title={Concordance, discordance and split reads},
	author={Bioinfomratics handbook},
	year={2021},
	note = {Accessed: 2021-05-07},
	howpublished = {\url{https://www.biostars.org/p/278412/}}
}





@incollection{prabahar2016perspectives,
	title={Perspectives of Machine Learning Techniques in Big Data Mining of Cancer},
	author={Prabahar, Archana and Swaminathan, Subashini},
	booktitle={Big Data Analytics in Genomics},
	pages={317--336},
	year={2016},
	publisher={Springer}
}


@article{hanahan2011hallmarks,
	title={Hallmarks of cancer: the next generation},
	author={Hanahan, Douglas and Weinberg, Robert A},
	journal={cell},
	volume={144},
	number={5},
	pages={646--674},
	year={2011},
	publisher={Elsevier}
}

@article{hastings2009mechanisms,
	title={Mechanisms of change in gene copy number},
	author={Hastings, Philip J and Lupski, James R and Rosenberg, Susan M and Ira, Grzegorz},
	journal={Nature Reviews Genetics},
	volume={10},
	number={8},
	pages={551--564},
	year={2009},
	publisher={Nature Publishing Group}
}

@article{shlien2009copy,
	title={Copy number variations and cancer},
	author={Shlien, Adam and Malkin, David},
	journal={Genome medicine},
	volume={1},
	number={6},
	pages={1--9},
	year={2009},
	publisher={BioMed Central}
}

@article{mitelman2007impact,
	title={The impact of translocations and gene fusions on cancer causation},
	author={Mitelman, Felix and Johansson, Bertil and Mertens, Fredrik},
	journal={Nature Reviews Cancer},
	volume={7},
	number={4},
	pages={233--245},
	year={2007},
	publisher={Nature Publishing Group}
}

@article{nattestad2016splitthreader,
	title={SplitThreader: Exploration and analysis of rearrangements in cancer genomes},
	author={Nattestad, Maria and Alford, Marley C and Sedlazeck, Fritz J and Schatz, Michael C},
	journal={bioRxiv},
	pages={087981},
	year={2016},
	publisher={Cold Spring Harbor Laboratory}
}

@article{yokoyama2019momi,
	title={MoMI-G: modular multi-scale integrated genome graph browser},
	author={Yokoyama, Toshiyuki T and Sakamoto, Yoshitaka and Seki, Masahide and Suzuki, Yutaka and Kasahara, Masahiro},
	journal={BMC bioinformatics},
	volume={20},
	number={1},
	pages={1--14},
	year={2019},
	publisher={BioMed Central}
}
@article{yokoyama2020visualization,
	title={Visualization tools for human structural variations identified by whole-genome sequencing},
	author={Yokoyama, Toshiyuki T and Kasahara, Masahiro},
	journal={Journal of human genetics},
	volume={65},
	number={1},
	pages={49--60},
	year={2020},
	publisher={Nature Publishing Group}
}

@article{edgren2011identification,
	title={Identification of fusion genes in breast cancer by paired-end RNA-sequencing},
	author={Edgren, Henrik and Murumagi, Astrid and Kangaspeska, Sara and Nicorici, Daniel and Hongisto, Vesa and Kleivi, Kristine and Rye, Inga H and Nyberg, Sandra and Wolf, Maija and Borresen-Dale, Anne-Lise and others},
	journal={Genome biology},
	volume={12},
	number={1},
	pages={1--13},
	year={2011},
	publisher={BioMed Central}
}